
@article{fitbit01,
title={A Comparison Study of the Fitbit Activity Monitor and PSG for Assessing Sleep Patterns and Movement in Children},
author={Beth Osterbauer,Jeffrey A. Koempel,Sally L. Davidson Ward, Laure M. Fisher,Debra M.Don},
journal={Journal of Otolaryngology Advances},
volume={1},
number={3},
pages={24},
year={2016}}


@article{fitbit02,
title={A validation study of Fitbit Charge 2? compared with polysomnography in adults},
author={de Zambotti M, Goldstone A, Claudatos S, et al},
journal={Chronobiology international},
pages={1--12},
year={2017}}

@article{fitbit03,
title={Movement toward a novel activity monitoring device},
author={Montgomery-Downs H E, Insana S P, Bond J A},
journal={Sleep and Breathing},
volume={16},
number={3},
pages={913--917},
year={2012}}

@article{posture,
title={Efficacy of the ¡®tennis ball technique¡¯ versus nCPAP in the management of position-dependent obstructive sleep apnoea syndrome},
author={Margot A. SKINNER, Ruth N. KINGSHOTT, Sue FILSELL AND D. Robin TAYLOR},
journal={Respirology},
volume={13},
number={5},
pages={708--715},
year={2008}}


@article{HandPosition1,
	author = {Neil},
	title = {\url{http://www.oddmattress.co.uk/sleeping-positions/}},
   year={2014}
}

@article{HandPosition2,
	author = {Sarah Cummings},
	title = {\url{https://www.sleepadvisor.org/sleep-position-and-personality/}},
   year={2017}
}

@article{Breath_frequence,
	title = {\url{https://en.wikipedia.org/wiki/Respiratory_rate}},
   year={2018}
}

@article{nightmare,
 author = {BIANCA LONDON FOR MAILONLINE},
	title = {\url{http://www.dailymail.co.uk/femail/article-3384201/Do-sleep-like-position-lead-nightmares.html?jumpTo=comment-111287510&max=100&offset=181&reply=111287510}},
   year={2016}
}
